@inBook{RDM_articulation,
    author = {GOULET, Jean and BOUTIN, Jean-Pierre and LEROUGE, Frédéric},
    title = {Aide-mémoire, Résistance des matériaux, 9ème édition},
    pages = {97--99},
    publisher = DUNOD,
    year = 2008
}
